<record><leader>00000cas a22000007a 4500</leader><controlfield tag="001">12339834</controlfield><controlfield tag="008">850802d19811982wiu x ne      0    0eng d</controlfield><datafield ind1=" " ind2=" " tag="010"><subfield code="a">sn 85041090 </subfield></datafield><datafield ind1=" " ind2=" " tag="040"><subfield code="a">NPV</subfield><subfield code="b">eng</subfield><subfield code="c">NPV</subfield><subfield code="d">OCLCQ</subfield></datafield><datafield ind1=" " ind2=" " tag="042"><subfield code="a">msc</subfield></datafield><datafield ind1="0" ind2="0" tag="245"><subfield code="a">Beloit chronicle.</subfield></datafield><datafield ind1=" " ind2=" " tag="260"><subfield code="a">Beloit, Wis. :</subfield><subfield code="b">Eugene Relerford,</subfield><subfield code="c">1981-1982.</subfield></datafield><datafield ind1=" " ind2=" " tag="300"><subfield code="a">v.</subfield></datafield><datafield ind1=" " ind2=" " tag="310"><subfield code="a">Irregular</subfield></datafield><datafield ind1="0" ind2=" " tag="362"><subfield code="a">Mar. 26, 1981-v. 2, no. 13 (Dec. 1982).</subfield></datafield><datafield ind1=" " ind2=" " tag="500"><subfield code="a">Title varies slightly.</subfield></datafield><datafield ind1=" " ind2=" " tag="500"><subfield code="a">"Serving the Rockford area," Jan.-Dec. 1982.</subfield></datafield><datafield ind1="8" ind2=" " tag="521"><subfield code="a">"Beloit's only minority newspaper," Sept. 1981-Dec. 1982.</subfield></datafield><datafield ind1=" " ind2=" " tag="752"><subfield code="a">United States</subfield><subfield code="b">Wisconsin</subfield><subfield code="c">Rock</subfield><subfield code="d">Beloit.</subfield></datafield><datafield ind1=" " ind2=" " tag="752"><subfield code="a">United States</subfield><subfield code="b">Illinois</subfield><subfield code="c">Winnebago</subfield><subfield code="d">Rockford.</subfield></datafield><datafield ind1="0" ind2="0" tag="785"><subfield code="t">Chronicle (Beloit, Wis.)</subfield><subfield code="w">(DLC)sn 85041091</subfield></datafield></record>